@MASTERSTHESIS{Xiao2013,
  author =       {Abraham Xiao},
  title =        {An Analysis of Channel Estimation Techniques Based on Affine Projection Algorithm},
  school =       {Northwestern Polytechnic University},
  year =         {2013},
  type =         {Degree Thesis},
  address =      {},
  month =        {June},
  note =         {},
  abstract =     {},
  keywords =     {},
  source =       {},
}
@TECHREPORT{Bermudez2011,
  author =       {Jose C. M. Bermudez},
  title =        {Adaptive Filtering - Theory and Applications},
  institution =  {Federal University of Santa Catarina},
  year =         {2011},
  type =         {Seminar Report},
  number =       {},
  address =      {},
  month =        {May},
  note =         {},
  abstract =     {},
  keywords =     {},
  source =       {http://sc.enseeiht.fr/doc/Seminar_Bermudez.pdf},
}

@book{Haykin2002,
  AUTHOR =       {S. Haykin},
  editor =       {},
  TITLE =        {Adaptive Filter Theory},
  PUBLISHER =    {Pearson Education},
  YEAR =         {2002},
  address =      {Communications Research Laborotary, McMaster University},
  edition =      {4th},
  isbn =         {0-13-090126-1},
}
